=LDR  02663 am a22004573  4500
=001  019005869
=003  Uk
=005  20180807020245.0
=007  cr\mn\024mpada
=008  910108s1753\\\\gw\\\\\|s\\\\\|||\||lat\\
=FMT  \\$a  BK
=019  x\$a3141050058
=040  \\$aUk$cUk
=100  10$aStock, Christian,$d1672-1733.
=245  10$aChristiani Stockii Clavis lingvae Sanctae Veteris Testamenti vocabulorum significationes$btum generales tum speciales ordine concinno exhibens tam tironum quam homiletices et exegeseos cultorum studiis apprime inserviens ac subinde concordantiarvm vicem svpplens cui accedit breve dictionarium Chaldaeo Talmudico rabbinicum.
=250  \\$aSextum edita$bcura J. F. Fischeri.
=264  \1$aLipsiæ :$bIn Officina Weidmaniana,$c1753.
=300  \\$c(8º)
=336  \\$atext$2rdacontent
=337  \\$acomputer$2rdamedia
=338  \\$aonline$2rdacarrier
=340  \\$m8vo$2rdabf
=700  1\$aFischer, Johann Friedrich,$d1726-1799.
=859  \\$aXLD$bGOOGLEBOOKS
=886  2\$2blmarc$a709$b00$aFISCHER$hJohann Friedrich$fProfessor at Leipzig$p621.k.1.$x1091920133
=852  4\$cDRT$jDigital Store 621.k.1.$aBritish Library$bHMNTS$3Sextum edita
=852  \\$aBritish Library$bOC
=985  \\$aDisaggregated record: Type B
=985  \\$aCorrected by MS generated file for WR# 1805-0738
=CAT  \\$aBATCH-DCW$b00$c20180807$lBLL01$h0202
=CAT  \\$aBATCH-UPD$b00$c20180807$lBLL01$h0204
=CAT  \\$a1805-0738$c20190118$lBLL01$h1754
=CAT  \\$a1805-0738$b00$c20190118$lBLL01$h1756
=FIN  \\$aY$d20180807
=LKR  \\$aPAR$b003507958$r787$mcura J. F. Fischeri.$nC. Stockii ... Clavis Linguæ Sanctæ Veteris Testamenti ... cum indice vocum, cui accedit breve dictionarium Chaldæo-Rabbinicum. Editio altera ... auctior, etc.
=LKR  \\$aPAR$lBLL01$r776$b003507960$mChristiani Stockii Clavis lingvae Sanctae Veteris Testamenti vocabulorum significationes tum generales tum speciales ordine concinno exhibens tam tironum quam homiletices et exegeseos cultorum studiis apprime inserviens ac subinde concordantiarvm vicem svpplens cui accedit breve dictionarium Chaldaeo Talmudico rabbinicum.$nChristiani Stockii Clavis lingvae Sanctae Veteris Testamenti vocabulorum significationes tum generales tum speciales ordine concinno exhibens tam tironum quam homiletices et exegeseos cultorum studiis apprime inserviens ac subinde concordantiarvm vicem svpplens cui accedit breve dictionarium Chaldaeo Talmudico rabbinicum.
=DGM  \\$a003507960$bCatBridge variable field
=DRT  \\$aGOOGLEBOOKS
=SRC  \\$aGOOGLEBOOKS$bGoogleBooks_20180806
=OHC  \\$a1
=LAS  \\$a1805-0738$b00$c20190118$lBLL01$h1756

