=LDR  01502 am a22004213  4500
=001  019637147
=003  Uk
=005  20201127190146.0
=007  cr\mn\024mpada
=008  900806|1823||||enk\\\\|s\\\\\|||\||eng\\
=FMT  \\$a  BK
=019  x\$a3432860064
=040  \\$aUk$cUk
=100  1\$aWAKE, Herwald de.
=245  10$aHerwald De Wake; or, the Two Apostates. A romance.
=264  \1$aLondon,$c1823.
=300  \\$a3 volumes ;$c(12º)
=336  \\$atext$2rdacontent
=337  \\$acomputer$2rdamedia
=338  \\$aonline$2rdacarrier
=340  \\$m12mo$2rdabf
=859  \\$aXLD$bGOOGLEBOOKS
=883  0\$aLanguage codes assigned by Bayesian analysis of words present in record$d20201028$qUk$c0.9010
=852  41$aBritish Library$bOC
=852  4\$cDRT$jDigital Store N.144.$aBritish Library$bHMNTS
=985  \\$aCorrected by MS generated file for WR# 1805-0738
=985  \\$aUpgraded by BSS-generated file for WR2011-1472
=CAT  \\$aBATCH-DCW$b00$c20191204$lBLL01$h0201
=CAT  \\$aBATCH-DCW$b00$c20191205$lBLL01$h0205
=CAT  \\$aW2011-1472$b00$c20201127$lBLL01$h1901
=FIN  \\$aY$d20191204
=LKR  \\$aPAR$lBLL01$r776$b003830611$mHerwald De Wake; or, the Two Apostates. A romance.$nHerwald De Wake; or, the Two Apostates. A romance.
=DGM  \\$a003830611$bCatBridge variable field
=DRT  \\$aGOOGLEBOOKS
=SRC  \\$aGOOGLEBOOKS$bGoogleBooks_20191203
=SRC  \\$aGOOGLEBOOKS$bGoogleBooks_20191204
=OHC  \\$a1
=LAS  \\$aW2011-1472$b00$c20201127$lBLL01$h1901

