=LDR  02394cam a22005293  4500
=001  017681006
=003  Uk
=005  20200928153557.0
=007  cr\mn\024mpada
=008  881003|1866|||||||\\\\|s\\\\\|||\||rus\\
=FMT  \\$a  BK
=019  x\$a1301270318
=040  \\$aUk$cUk
=100  1\$aGRADOVSKY, Aleksandr Dmitrievich.
=245  10$aВысшая администрація Россіи XVIII ст. и генералъ-прокуроры, etc.
=246  31$aVysshai︠a︡ administrat︠s︡ii︠a︡ Rossii XVIII st. i general-prokurory
=264  \1$aС. Петербургъ :$bТипография Ивана Бочкарёва,$c1866.
=300  \\$axvi, 284 pages ;$c(8º)
=336  \\$atext$2rdacontent
=337  \\$acomputer$2rdamedia
=338  \\$aonline$2rdacarrier
=651  \0$aRussia$xPolitics and government$y18th century.
=651  \0$aRussia$xHistory$y18th century.
=610  10$aRussia.$bPravitelʹstvui︠u︡shchīĭ Senat$xHistory.
=859  \\$aXLD$bGOOGLEBOOKS
=883  0\$aLanguage codes assigned by Bayesian analysis of words present in record$d20200826$qUk$c0.9919
=852  41$aBritish Library$bHMNTS$jD-5758.cc.4.$qCopy at D-5758.cc.4. Destroyed in World War II.
=852  41$aBritish Library$bHMNTS
=852  4\$cDRT$jDigital Store 1600/141.$aBritish Library$bHMNTS
=985  \\$aCorrected by MS generated file for WR# 11/211
=985  \\$aCorrected by MS generated file for WR# 1805-0738
=985  \\$aUpgraded by BSS-generated file for WR2009-0365
=CAT  \\$aBATCH-DCW$b00$c20151226$lBLL01$h0202
=CAT  \\$aR1710-0956$b00$c20171026$lBLL01$h1829
=CAT  \\$a11853$b40$c20181029$lBLL01$h1129
=CAT  \\$a11853$b40$c20181029$lBLL01$h1132
=CAT  \\$a1805-0738$c20190121$lBLL01$h1742
=CAT  \\$a1805-0738$b00$c20190121$lBLL01$h1745
=CAT  \\$aW2001-2376$c20200626$lBLL01$h1909
=CAT  \\$aW2009-0365$b00$c20200928$lBLL01$h1535
=FIN  \\$aY$d20151226
=LKR  \\$aPAR$lBLL01$r776$b001480810$mВысшая администрація Россіи XVIII ст. и генералъ-прокуроры, etc.$nВысшая администрація Россіи XVIII ст. и генералъ-прокуроры, etc.
=DGM  \\$a001480810$bCatBridge variable field
=DRT  \\$aGOOGLEBOOKS
=SRC  \\$aGOOGLEBOOKS$bGoogleBooks_20151225
=OHC  \\$a1
=LAS  \\$aW2009-0365$b00$c20200928$lBLL01$h1535

